%% ============================================================================
%%
%%  Master's thesis
%%
%%  Author: Rune Thorsen
%%
%%  Bibliography
%% ============================================================================

@book{vanlint,
    author = {J.H. van Lint},
    title = "{Introduction to Coding Theory}",
    publisher = "Springer Berlin, Heidelberg",
    edition = {Third Edition},
    year = 1999,
}

@article{EOS,
url = {https://doi.org/10.1515/JMC.2007.009},
title = {A Summary of McEliece-Type Cryptosystems and their Security},
author = {D. Engelbert and R. Overbeck and A. Schmidt},
pages = {151--199},
volume = {1},
number = {2},
journal = {Journal of Mathematical Cryptology},
doi = {doi:10.1515/JMC.2007.009},
year = {2007},
}

@article{goppa,
  title={A new class of linear correcting codes},
  author={Goppa, Valerii Denisovich},
  journal={Problems of Information Transmission},
  volume={6},
  number={3},
  pages={207--212},
  year={1970},
}

@article{mceliece,
  title={A Public-Key Cryptosystem Based On Algebraic Coding Theory},
  author={McEliece, Robert J},
  journal={The Deep Space Network Progress Report},
  volume={42-44},
  pages={114--116},
  year={1978},
}

@article{vardy,
  author={Vardy, Alexander},
  journal={IEEE Transactions on Information Theory}, 
  title={The intractability of computing the minimum distance of a code}, 
  year={1997},
  volume={43},
  number={6},
  pages={1757-1766},
  doi={10.1109/18.641542},
}

@article{BMT,
  author={Berlekamp, E. and McEliece, R. and van Tilborg, H.},
  journal={IEEE Transactions on Information Theory}, 
  title={On the Inherent Intractability of Certain Coding Problems}, 
  year={1978},
  volume={24},
  number={3},
  pages={384-386},
  doi={10.1109/TIT.1978.1055873},
}

@InProceedings{KI,
author="Kobara, Kazukuni and Imai, Hideki",
editor="Kim, Kwangjo",
title="Semantically Secure McEliece Public-Key Cryptosystems -Conversions for McEliece PKC -",
booktitle="Public Key Cryptography",
year="2001",
publisher="Springer Berlin Heidelberg",
address="Berlin, Heidelberg",
pages="19--35",
isbn="978-3-540-44586-9"
}

@InProceedings{RS,
author="Rackoff, Charles and Simon, Daniel R.",
editor="Feigenbaum, Joan",
title="Non-Interactive Zero-Knowledge Proof of Knowledge and Chosen Ciphertext Attack",
booktitle="Advances in Cryptology --- CRYPTO '91",
year="1992",
publisher="Springer Berlin Heidelberg",
address="Berlin, Heidelberg",
pages="433--444",
isbn="978-3-540-46766-3"
}

@misc{HHK,
      author = {Dennis Hofheinz and Kathrin Hövelmanns and Eike Kiltz},
      title = {A Modular Analysis of the Fujisaki-Okamoto Transformation},
      howpublished = {Cryptology ePrint Archive, Paper 2017/604},
      year = {2017},
      note = {\url{https://eprint.iacr.org/2017/604}},
      url = {https://eprint.iacr.org/2017/604}
}

@article{CC,
author = {Canteaut, Anne and Chabaud, Florent},
year = {1995},
title = {Improvements of the Attacks on Cryptosystems Based on Error-Correcting Codes},
institution={D{\'e}partement de Math{\'e}matiques et Informatique, Laboratoire d'Informatique de L'Ecole Normale Sup{\'e}rieure (Paris), LIENS},
volume = {95},
pages = {21},
journal = {Rapport interne du Departement Mathematiques et Informatique}
}

@article{NMBB,
  title={Selecting parameters for secure McEliece-based cryptosystems},
  author={Niebuhr, Robert and Meziani, Mohammed and Bulygin, Stanislav and Buchmann, Johannes},
  journal={International Journal of Information Security},
  volume={11},
  pages={137--147},
  year={2012},
  publisher={Springer}
}

@ARTICLE{shannon,
  author={Shannon, C. E.},
  journal={The Bell System Technical Journal}, 
  title={A mathematical theory of communication}, 
  year={1948},
  volume={27},
  number={3},
  pages={379-423},
  doi={10.1002/j.1538-7305.1948.tb01338.x}
}

@INPROCEEDINGS{LS,
  author={Loidrean, P. and Sendrier, N.},
  booktitle={Proceedings. 1998 IEEE International Symposium on Information Theory (Cat. No.98CH36252)}, 
  title={Some weak keys in McEliece public-key cryptosystem}, 
  year={1998},
  volume={},
  number={},
  pages={382},
  doi={10.1109/ISIT.1998.708987}}

@ARTICLE{sendrier,
  author={Sendrier, N.},
  journal={IEEE Transactions on Information Theory}, 
  title={Finding the permutation between equivalent linear codes: the support splitting algorithm}, 
  year={2000},
  volume={46},
  number={4},
  pages={1193-1203},
  doi={10.1109/18.850662}}

@InProceedings{LB,
author="Lee, P. J. and Brickell, E. F.",
editor="Barstow, D. and Brauer, W. and Brinch Hansen, P. and Gries, D. and Luckham, D. and Moler, C. and Pnueli, A. and Seegm{\"u}ller, G. and Stoer, J. and Wirth, N. and G{\"u}nther, Christoph G.",
title="An Observation on the Security of McEliece's Public-Key Cryptosystem",
booktitle="Advances in Cryptology --- EUROCRYPT '88",
year="1988",
publisher="Springer Berlin Heidelberg",
address="Berlin, Heidelberg",
pages="275--280",
isbn="978-3-540-45961-3"
}

@ARTICLE{CC2,
  author={Canteaut, A. and Chabaud, F.},
  journal={IEEE Transactions on Information Theory}, 
  title={A new algorithm for finding minimum-weight words in a linear code: application to McEliece's cryptosystem and to narrow-sense BCH codes of length 511}, 
  year={1998},
  volume={44},
  number={1},
  pages={367-378},
  doi={10.1109/18.651067}
}

@InProceedings{CS,
author="Canteaut, Anne and Sendrier, Nicolas",
editor="Ohta, Kazuo and Pei, Dingyi",
title="Cryptanalysis of the Original McEliece Cryptosystem",
booktitle="Advances in Cryptology --- ASIACRYPT'98",
year="1998",
publisher="Springer Berlin Heidelberg",
address="Berlin, Heidelberg",
pages="187--199",
isbn="978-3-540-49649-6"
}

@InProceedings{aljabri,
author="Jabri, A. Al",
editor="Honary, Bahram",
title="A Statistical Decoding Algorithm for General Linear Block Codes",
booktitle="Cryptography and Coding",
year="2001",
publisher="Springer Berlin Heidelberg",
address="Berlin, Heidelberg",
pages="1--8",
isbn="978-3-540-45325-3"
}

@InProceedings{overbeck,
author="Overbeck, R.",
editor="Batten, Lynn Margaret and Safavi-Naini, Reihaneh",
title="Statistical Decoding Revisited",
booktitle="Information Security and Privacy",
year="2006",
publisher="Springer Berlin Heidelberg",
address="Berlin, Heidelberg",
pages="283--294",
isbn="978-3-540-35459-8"
}

@ARTICLE{FKI,
  author={Fossorier, Marc P. C. and Kobara, Kazukuni and Imai, Hideki},
  journal={IEEE Transactions on Information Theory}, 
  title={Modeling Bit Flipping Decoding Based on Nonorthogonal Check Sums With Application to Iterative Decoding Attack of McEliece Cryptosystem}, 
  year={2007},
  volume={53},
  number={1},
  pages={402-411},
  doi={10.1109/TIT.2006.887515}
}

@InProceedings{berson,
author="Berson, Thomas A.",
editor="Kaliski, Burton S.",
title="Failure of the McEliece public-key cryptosystem under message-resend and related-message attack",
booktitle="Advances in Cryptology --- CRYPTO '97",
year="1997",
publisher="Springer Berlin Heidelberg",
address="Berlin, Heidelberg",
pages="213--220",
isbn="978-3-540-69528-8"
}

@InProceedings{HGS,
author="Hall, Chris and Goldberg, Ian and Schneier, Bruce",
editor="Varadharajan, Vijay
and Mu, Yi",
title="Reaction Attacks against Several Public-Key Cryptosystem",
booktitle="Information and Communication Security",
year="1999",
publisher="Springer Berlin Heidelberg",
address="Berlin, Heidelberg",
pages="2--12",
isbn="978-3-540-47942-0"
}

@inproceedings{DDN,
author = {Dolev, Danny and Dwork, Cynthia and Naor, Moni},
title = {Non-Malleable Cryptography},
year = {1991},
isbn = {0897913973},
publisher = {Association for Computing Machinery},
address = {New York, NY, USA},
url = {https://doi.org/10.1145/103418.103474},
doi = {10.1145/103418.103474},
booktitle = {Proceedings of the Twenty-Third Annual ACM Symposium on Theory of Computing},
pages = {542–552},
numpages = {11},
location = {New Orleans, Louisiana, USA},
series = {STOC '91}
}

@ARTICLE{sun,
  author={Hung-Min Sun},
  journal={IEEE Communications Letters}, 
  title={Further cryptanalysis of the McEliece public-key cryptosystem}, 
  year={2000},
  volume={4},
  number={1},
  pages={18-19},
  doi={10.1109/4234.823536}
}

@InProceedings{BDPR,
author="Bellare, Mihir and Desai, Anand and Pointcheval, David and Rogaway, Phillip",
editor="Krawczyk, Hugo",
title="Relations among notions of security for public-key encryption schemes",
booktitle="Advances in Cryptology --- CRYPTO '98",
year="1998",
publisher="Springer Berlin Heidelberg",
address="Berlin, Heidelberg",
pages="26--45",
isbn="978-3-540-68462-6"
}

@ARTICLE{leon,
  author={Leon, J.S.},
  journal={IEEE Transactions on Information Theory}, 
  title={A probabilistic algorithm for computing minimum weights of large error-correcting codes}, 
  year={1988},
  volume={34},
  number={5},
  pages={1354-1359},
  doi={10.1109/18.21270}
}

@InProceedings{stern,
author="Stern, Jacques",
editor="Cohen, G{\'e}rard
and Wolfmann, Jacques",
title="A method for finding codewords of small weight",
booktitle="Coding Theory and Applications",
year="1989",
publisher="Springer Berlin Heidelberg",
address="Berlin, Heidelberg",
pages="106--113",
isbn="978-3-540-46726-7"
}

@ARTICLE{LDVL,
  author={Levy-dit-Vehel, F. and Litsyn, S.},
  journal={IEEE Transactions on Information Theory}, 
  title={Parameters of Goppa codes revisited}, 
  year={1997},
  volume={43},
  number={6},
  pages={1811-1819},
  doi={10.1109/18.641547}
}

@InProceedings{chabaud,
author="Chabaud, Florent",
editor="De Santis, Alfredo",
title="On the security of some cryptosystems based on error-correcting codes",
booktitle="Advances in Cryptology --- EUROCRYPT'94",
year="1995",
publisher="Springer Berlin Heidelberg",
address="Berlin, Heidelberg",
pages="131--139",
isbn="978-3-540-44717-7"
}

@inproceedings{FO,
  title={Secure Integration of Asymmetric and Symmetric Encryption Schemes},
  booktitle={Advances in Cryptology - CRYPTO '99, 19th Annual International Cryptology Conference, Santa Barbara, California, USA, August 15-19, 1999, Proceedings},
  series={Lecture Notes in Computer Science},
  publisher={Springer},
  volume={1666},
  pages={537-554},
  doi={10.1007/3-540-48405-1_34},
  author={Eiichiro Fujisaki and Tatsuaki Okamoto},
  year=1999
}

@ARTICLE{DH,
  author={Diffie, W. and Hellman, M.},
  journal={IEEE Transactions on Information Theory}, 
  title={New directions in cryptography}, 
  year={1976},
  volume={22},
  number={6},
  pages={644-654},
  doi={10.1109/TIT.1976.1055638}
}

@InProceedings{BBO,
author="Bellare, Mihir and Boldyreva, Alexandra and O'Neill, Adam",
editor="Menezes, Alfred",
title="Deterministic and Efficiently Searchable Encryption",
booktitle="Advances in Cryptology - CRYPTO 2007",
year="2007",
publisher="Springer Berlin Heidelberg",
address="Berlin, Heidelberg",
pages="535--552",
isbn="978-3-540-74143-5"
}

@InProceedings{BHSV,
author="Bellare, Mihir and Halevi, Shai and Sahai, Amit and Vadhan, Salil",
editor="Krawczyk, Hugo",
title="Many-to-one trapdoor functions and their relation to public-key cryptosystems",
booktitle="Advances in Cryptology --- CRYPTO '98",
year="1998",
publisher="Springer Berlin Heidelberg",
address="Berlin, Heidelberg",
pages="283--298",
isbn="978-3-540-68462-6"
}

@misc{shoup,
      author = {Victor Shoup},
      title = {Sequences of games: a tool for taming complexity in security proofs},
      howpublished = {Cryptology ePrint Archive, Paper 2004/332},
      year = {2004},
      note = {\url{https://eprint.iacr.org/2004/332}},
      url = {https://eprint.iacr.org/2004/332}
}

@InProceedings{BR,
author="Bellare, Mihir and Rogaway, Phillip",
editor="Vaudenay, Serge",
title="The Security of Triple Encryption and a Framework for Code-Based Game-Playing Proofs",
booktitle="Advances in Cryptology - EUROCRYPT 2006",
year="2006",
publisher="Springer Berlin Heidelberg",
address="Berlin, Heidelberg",
pages="409--426",
isbn="978-3-540-34547-3"
}

@phdthesis{persichetti,
  title={Improving the efficiency of code-based cryptography},
  author={Persichetti, Edoardo},
  year={2012},
  school={Department Of Mathematics, University Of Auckland},
  url={\url{https://www.math.auckland.ac.nz/~sgal018/EdoardoPhD.pdf}}
}

@inproceedings{BP,
author = {Barenghi, Alessandro and Pelosi, Gerardo},
title = {Constant Weight Strings in Constant Time: A Building Block for Code-Based Post-Quantum Cryptosystems},
year = {2020},
isbn = {9781450379564},
publisher = {Association for Computing Machinery},
address = {New York, NY, USA},
url = {https://doi.org/10.1145/3387902.3392630},
doi = {10.1145/3387902.3392630},
booktitle = {Proceedings of the 17th ACM International Conference on Computing Frontiers},
pages = {132-141},
numpages = {10},
keywords = {post-quantum cryptosystems, code-based cryptography, constant time algorithms},
location = {Catania, Sicily, Italy},
series = {CF '20}
}

@misc{BP2,
      author = {Daniel J.  Bernstein and Edoardo Persichetti},
      title = {Towards KEM Unification},
      howpublished = {Cryptology ePrint Archive, Paper 2018/526},
      year = {2018},
      note = {\url{https://eprint.iacr.org/2018/526}},
      url = {https://eprint.iacr.org/2018/526}
}

@book{NC,
place={Cambridge},
title={Quantum Computation and Quantum Information: 10th Anniversary Edition},
DOI={10.1017/CBO9780511976667},
publisher={Cambridge University Press},
author={Nielsen, Michael A. and Chuang, Isaac L.},
year={2010}
}

@INPROCEEDINGS{BBCMW,
  author={Beals, R. and Buhrman, H. and Cleve, R. and Mosca, M. and de Wolf, R.},
  booktitle={Proceedings 39th Annual Symposium on Foundations of Computer Science (Cat. No.98CB36280)}, 
  title={Quantum lower bounds by polynomials}, 
  year={1998},
  volume={},
  number={},
  pages={352-361},
  doi={10.1109/SFCS.1998.743485}
}

@InProceedings{BDFLSZ,
author="Boneh, Dan and Dagdelen, {\"O}zg{\"u}r and Fischlin, Marc and Lehmann, Anja and Schaffner, Christian and Zhandry, Mark",
editor="Lee, Dong Hoon and Wang, Xiaoyun",
title="Random Oracles in a Quantum World",
booktitle="Advances in Cryptology -- ASIACRYPT 2011",
year="2011",
publisher="Springer Berlin Heidelberg",
address="Berlin, Heidelberg",
pages="41--69",
isbn="978-3-642-25385-0"
}

@InProceedings{zhandry,
author="Zhandry, Mark",
editor="Safavi-Naini, Reihaneh and Canetti, Ran",
title="Secure Identity-Based Encryption in the Quantum Random Oracle Model",
booktitle="Advances in Cryptology -- CRYPTO 2012",
year="2012",
publisher="Springer Berlin Heidelberg",
address="Berlin, Heidelberg",
pages="758--775",
isbn="978-3-642-32009-5"
}

@misc{unruh,
      author = {Dominique Unruh},
      title = {Revocable quantum timed-release encryption},
      howpublished = {Cryptology ePrint Archive, Paper 2013/606},
      year = {2013},
      doi = {10.1145/2817206},
      note = {\url{https://eprint.iacr.org/2013/606}},
      url = {https://eprint.iacr.org/2013/606}
}

@misc{HRS,
      author = {Andreas Hülsing and Joost Rijneveld and Fang Song},
      title = {Mitigating Multi-Target Attacks in Hash-based Signatures},
      howpublished = {Cryptology ePrint Archive, Paper 2015/1256},
      year = {2015},
      note = {\url{https://eprint.iacr.org/2015/1256}},
      url = {https://eprint.iacr.org/2015/1256}
}

@INPROCEEDINGS{zhandry2,
  author={Zhandry, Mark},
  booktitle={2012 IEEE 53rd Annual Symposium on Foundations of Computer Science}, 
  title={How to Construct Quantum Random Functions}, 
  year={2012},
  volume={},
  number={},
  pages={679-687},
  doi={10.1109/FOCS.2012.37}
}

@InProceedings{KLS,
author="Kiltz, Eike and Lyubashevsky, Vadim and Schaffner, Christian",
editor="Nielsen, Jesper Buus and Rijmen, Vincent",
title="A Concrete Treatment of Fiat-Shamir Signatures in the Quantum Random-Oracle Model",
booktitle="Advances in Cryptology -- EUROCRYPT 2018 ",
year="2018",
publisher="Springer International Publishing",
address="Cham",
pages="552--586",
isbn="978-3-319-78372-7"
}

@InProceedings{TU,
author="Targhi, Ehsan Ebrahimi and Unruh, Dominique",
editor="Hirt, Martin and Smith, Adam",
title="Post-Quantum Security of the Fujisaki-Okamoto and OAEP Transforms",
booktitle="Theory of Cryptography",
year="2016",
publisher="Springer Berlin Heidelberg",
address="Berlin, Heidelberg",
pages="192--216",
isbn="978-3-662-53644-5"
}

@InProceedings{CHP,
author="Cayrel, Pierre-Louis and Hoffmann, Gerhard and Persichetti, Edoardo",
editor="Fischlin, Marc and Buchmann, Johannes and Manulis, Mark",
title="Efficient Implementation of a CCA2-Secure Variant of McEliece Using Generalized Srivastava Codes",
booktitle="Public Key Cryptography -- PKC 2012",
year="2012",
publisher="Springer Berlin Heidelberg",
address="Berlin, Heidelberg",
pages="138--155",
isbn="978-3-642-30057-8"
}

@book{lauritzen,
place={Cambridge},
title={Concrete Abstract Algebra: From Numbers to Gröbner Bases},
DOI={10.1017/CBO9780511804229},
publisher={Cambridge University Press},
author={Lauritzen, Niels},
year={2003}
}

